@book{S.W.cosmo.,
  author={Weinberg, Steven},
  title={Cosmology},
  publisher={Oxford University Press, New York},
  year={2008},
}